<?xml version="1.0" encoding="UTF-8"?><collection xmlns="http://www.loc.gov/MARC21/slim"><record><leader>00577nam--2200193-i-4500</leader><controlfield tag="001">000041633</controlfield><controlfield tag="002">20161230</controlfield><controlfield tag="005">20161230201043</controlfield><controlfield tag="008">060222s1000------------r-----000-0-rum-d</controlfield><datafield ind1=" " ind2=" " tag="040"><subfield code="a">IFIN-HH</subfield></datafield><datafield ind1=" " ind2=" " tag="041"><subfield code="a">rum</subfield></datafield><datafield ind1=" " ind2=" " tag="080"><subfield code="a">539.173(043)</subfield></datafield><datafield ind1="1" ind2=" " tag="100"><subfield code="a">Simion,Victor</subfield></datafield><datafield ind1="1" ind2="0" tag="245"><subfield code="a">Determinarea absoluta a sectiunii de fisiune a 235u si 239 au pentru neutroni de 2200m/s</subfield><subfield code="b">Teza</subfield><subfield code="c">Victor simion</subfield></datafield><datafield ind1=" " ind2=" " tag="260"><subfield code="a">Bucuresti</subfield><subfield code="b">Ifin</subfield><subfield code="c">1977</subfield></datafield><datafield ind1=" " ind2=" " tag="300"><subfield code="a">164 + 41 FIG</subfield></datafield><datafield ind1=" " ind2=" " tag="502"><subfield code="a">Conducator Stiintific: Prof.Dr. Marius Petrascu</subfield></datafield><datafield ind1=" " ind2=" " tag="852"><subfield code="a">44354</subfield><subfield code="c">539.17</subfield></datafield><datafield ind1=" " ind2=" " tag="CAT"><subfield code="a">Sys</subfield><subfield code="c">20160121</subfield><subfield code="h">155928</subfield></datafield></record></collection>